// TODO(ee6222har): BibTeX citation
